@misc{scsuab,
    title="Subspace Clothing Simulation Using Adaptive Bases",
    howpublished="Режим доступа: \url{https://graphics.pixar.com/library/SubspaceClothing/paper.pdf} (дата обращения: 02.07.2021)",
}

@misc{isfambcb,
    title="Importance Sampling for a Microcylinder Based Cloth Bsdf",
    howpublished="Режим доступа: \url{https://research.dreamworks.com/wp-content/uploads/2018/07/clothIS.pdf} (дата обращения: 02.07.2021)",
}

@misc{farccd,
    title="Fast and Robust Continuous Collision Detection (fastCCD)",
    howpublished="Режим доступа: \url{https://research.dreamworks.com/wp-content/uploads/2018/07/fastccd_techreport_2014_320.pdf} (дата обращения: 02.07.2021)",
}

@misc{sadcfswcr,
    title="Selective and Dynamic Cloth Fold Smoothing with Collision Resolution",
    howpublished="Режим доступа: \url{https://research.dreamworks.com/wp-content/uploads/2018/07/p11-somasundaram-Edited.pdf} (дата обращения: 02.07.2021)",
}

@misc{cmasals,
    title="Cloth Modeling and Simulation: A Literature Survey",
    howpublished="Режим доступа: \url{https://www.researchgate.net/publication/221096104_Cloth_Modeling_and_Simulation_A_Literature_Survey} (дата обращения: 02.07.2021)",
}

@misc{lsics,
    title="Large Steps in Cloth Simulation",
    howpublished="Режим доступа: \url{https://www.cs.cmu.edu/~baraff/papers/sig98.pdf} (дата обращения: 02.07.2021)",
}

@misc{cs,
    title="Cloth Simulation",
    howpublished="Режим доступа: \url{https://nccastaff.bournemouth.ac.uk/jmacey/OldWeb/MastersProjects/Msc05/cloth_simulation.pdf} (дата обращения: 02.07.2021)",
}

