@inproceedings{Simnett2012RealtimeSA,
  title={Real-time simulation and visualisation of cloth using edge-based
         adaptive meshes},
  author={Timothy J. R. Simnett},
  year={2012}
}

@article{Zurdo2013AnimatingWB,
  title={Animating Wrinkles by Example on Non-Skinned Cloth},
  author={Javier S. Zurdo and J. P. Brito and M. Otaduy},
  journal={IEEE Transactions on Visualization and Computer Graphics},
  year={2013},
  volume={19},
  pages={149-158}
}

@inproceedings{Stuyck2018ClothSF,
  title={Cloth Simulation for Computer Graphics},
  author={Tuur Stuyck},
  booktitle={Cloth Simulation for Computer Graphics},
  year={2018}
}

@inproceedings{Keckeisen2005PhysicalCS,
  title={Physical cloth simulation and applications for the visualization,
         virtual try-on and interactive design of garments},
  author={M. Keckeisen},
  year={2005}
}

@inproceedings{Shapri2009DynamicCI,
  title={Dynamic cloth interaction including fast self-collision detection},
  author={Nur Saadah Mohd Shapri and A. Bade and D. Daman},
  year={2009}
}

@misc{Kieran2005ClothSim,
  title={Cloth Simulation},
  author={Elaine Kieran and Gavin Harrison and Luke Openshaw},
  howpublished={Режим доступа: \url{https://nccastaff.bournemouth.ac.uk/jmacey/
                OldWeb/MastersProjects/Msc05/cloth_simulation.pdf}
                (дата обращения: 21.09.2021)}
}

@article{Ng1996ComputerGT,
  title={Computer graphics techniques for modeling cloth},
  author={H. N. Ng and R. L. Grimsdale},
  journal={IEEE Computer Graphics and Applications},
  year={1996},
  volume={16},
  pages={28-41}
}
