@misc{httyw,
    title="InstaFalls: How To Train Your Waterfalls",
    howpublished="Режим доступа: \url{https://research.dreamworks.com/wp-content/uploads/2019/10/talk_dragon3_instafalls_embedded_v5.pdf} (дата обращения: 02.07.2021)",
}

@misc{epmfscg,
    title="Enhancing Particle Methods for Fluid Simulation in Computer Graphics",
    howpublished="Режим доступа: \url{https://www.cs.ubc.ca/~rbridson/docs/schechter_phd.pdf} (дата обращения: 02.07.2021)",
}

@misc{pbwssceb,
    title="Particle based Waterfall Simulation with Spray Cloud Emerging from Basin",
    howpublished="Режим доступа: \url{https://www.scitepress.org/Papers/2018/68965/pdf/index.html} (дата обращения: 02.07.2021)",
}

@misc{ipmcws,
    title="Interactive Procedural Modelling of Coherent Waterfall Scenes",
    howpublished="Режим доступа: \url{https://hal.inria.fr/hal-01095858/document} (дата обращения: 02.07.2021)",
}

@misc{scsuab,
    title="Subspace Clothing Simulation Using Adaptive Bases",
    howpublished="Режим доступа: \url{https://graphics.pixar.com/library/SubspaceClothing/paper.pdf} (дата обращения: 02.07.2021)",
}

@misc{isfambcb,
    title="Importance Sampling for a Microcylinder Based Cloth Bsdf",
    howpublished="Режим доступа: \url{https://research.dreamworks.com/wp-content/uploads/2018/07/clothIS.pdf} (дата обращения: 02.07.2021)",
}

@misc{farccd,
    title="Fast and Robust Continuous Collision Detection (fastCCD)",
    howpublished="Режим доступа: \url{https://research.dreamworks.com/wp-content/uploads/2018/07/fastccd_techreport_2014_320.pdf} (дата обращения: 02.07.2021)",
}

@misc{sadcfswcr,
    title="Selective and Dynamic Cloth Fold Smoothing with Collision Resolution",
    howpublished="Режим доступа: \url{https://research.dreamworks.com/wp-content/uploads/2018/07/p11-somasundaram-Edited.pdf} (дата обращения: 02.07.2021)",
}

@misc{cmasals,
    title="Cloth Modeling and Simulation: A Literature Survey",
    howpublished="Режим доступа: \url{https://www.researchgate.net/publication/221096104_Cloth_Modeling_and_Simulation_A_Literature_Survey} (дата обращения: 02.07.2021)",
}

@misc{lsics,
    title="Large Steps in Cloth Simulation",
    howpublished="Режим доступа: \url{https://www.cs.cmu.edu/~baraff/papers/sig98.pdf} (дата обращения: 02.07.2021)",
}

@misc{cs,
    title="Cloth Simulation",
    howpublished="Режим доступа: \url{https://nccastaff.bournemouth.ac.uk/jmacey/OldWeb/MastersProjects/Msc05/cloth_simulation.pdf} (дата обращения: 02.07.2021)",
}

@misc{atbhbns,
    title="Approaching the Black Hole by Numerical Simulations",
    howpublished="Режим доступа: \url{https://www.researchgate.net/publication/332759445_Approaching_the_Black_Hole_by_Numerical_Simulations} (дата обращения: 02.07.2021)",
}

@misc{aihobhipr,
    title="An Illustrated History of Black Hole Imaging: Personal Recollections (1972-2002)",
    howpublished="Режим доступа: \url{https://arxiv.org/pdf/1902.11196.pdf} (дата обращения: 02.07.2021)",
}

@misc{ibhv,
    title="Interactive Black-Hole Visualization",
    howpublished="Режим доступа: \url{http://pure.tudelft.nl/ws/portalfiles/portal/84313235/blacktracer_IEEEVis_final_version.pdf} (дата обращения: 02.07.2021)",
}

@misc{eicscaunstabh,
    title="Experiments in Computer Simulations: Collapse of an unstable Neutron Star to a Black Hole",
    howpublished="Режим доступа: \url{https://www.uni-frankfurt.de/58052923/NS_collapse.pdf} (дата обращения: 02.07.2021)",
}

@misc{sbhv,
    title="Significance of Black Hole Visualization and Its Implication for Science Education Focusing on the Event Horizon Telescope Project",
    howpublished="Режим доступа: \url{https://www.researchgate.net/publication/341648667_Significance_of_Black_Hole_Visualization_and_Its_Implication_for_Science_Education_Focusing_on_the_Event_Horizon_Telescope_Project} (дата обращения: 02.07.2021)",
}

@misc{bhs,
    title="Black Hole Simulations: From Supercomputers to Your Laptop",
    howpublished="Режим доступа: \url{https://thesis.library.caltech.edu/11544/1/main.pdf} (дата обращения: 02.07.2021)",
}

@misc{voa,
    title="Vortex of Awesomeness",
    howpublished="Режим доступа: \url{https://research.dreamworks.com/wp-content/uploads/2018/07/PussInBoots_Tornado_DWA_2012.pdf} (дата обращения: 02.07.2021)",
}

@misc{fstf,
    title="Fast and Scalable Turbulent Flow Simulation With Two-Way Coupling",
    howpublished="Режим доступа: \url{http://faculty.sist.shanghaitech.edu.cn/faculty/liuxp/projects/lbm-solid/index/lbm-solid.pdf} (дата обращения: 02.07.2021)",
}

@misc{rnapw,
    title="Realistic Natural Atmospheric Phenomena and Weather Effects for Interactive Virtual Environments",
    howpublished="Режим доступа: \url{https://core.ac.uk/download/pdf/18533339.pdf} (дата обращения: 02.07.2021)",
}

@misc{pbst,
    title="Physically-Based Simulation of Tornadoes",
    howpublished="Режим доступа: \url{https://cs.uwaterloo.ca/~jwlwan/papers/WanDing05.pdf} (дата обращения: 02.07.2021)",
}

@misc{rtst,
    title="Real Time Simulation of a Tornado",
    howpublished="Режим доступа: \url{http://kucg.korea.ac.kr/seminar/2008/src/PA-08-12-27.pdf} (дата обращения: 02.07.2021)",
}

